%YAML 1.1
%TAG !u! tag:unity3d.com,2011:
--- !u!1 &5783909619330649519
GameObject:
  m_ObjectHideFlags: 0
  m_CorrespondingSourceObject: {fileID: 0}
  m_PrefabInstance: {fileID: 0}
  m_PrefabAsset: {fileID: 0}
  serializedVersion: 6
  m_Component:
  - component: {fileID: 5783909619330649518}
  - component: {fileID: 5783909619330649517}
  m_Layer: 9
  m_Name: Circle
  m_TagString: Untagged
  m_Icon: {fileID: 0}
  m_NavMeshLayer: 0
  m_StaticEditorFlags: 0
  m_IsActive: 1
--- !u!4 &5783909619330649518
Transform:
  m_ObjectHideFlags: 0
  m_CorrespondingSourceObject: {fileID: 0}
  m_PrefabInstance: {fileID: 0}
  m_PrefabAsset: {fileID: 0}
  m_GameObject: {fileID: 5783909619330649519}
  m_LocalRotation: {x: -0, y: -0, z: -0, w: 1}
  m_LocalPosition: {x: 0, y: 0.251, z: 0}
  m_LocalScale: {x: 0.25, y: 0.25, z: 0.25}
  m_ConstrainProportionsScale: 0
  m_Children: []
  m_Father: {fileID: 5783909620102806635}
  m_RootOrder: 0
  m_LocalEulerAnglesHint: {x: 0, y: 0, z: 0}
--- !u!212 &5783909619330649517
SpriteRenderer:
  m_ObjectHideFlags: 0
  m_CorrespondingSourceObject: {fileID: 0}
  m_PrefabInstance: {fileID: 0}
  m_PrefabAsset: {fileID: 0}
  m_GameObject: {fileID: 5783909619330649519}
  m_Enabled: 1
  m_CastShadows: 0
  m_ReceiveShadows: 0
  m_DynamicOccludee: 1
  m_StaticShadowCaster: 0
  m_MotionVectors: 1
  m_LightProbeUsage: 1
  m_ReflectionProbeUsage: 1
  m_RayTracingMode: 0
  m_RayTraceProcedural: 0
  m_RenderingLayerMask: 1
  m_RendererPriority: 0
  m_Materials:
  - {fileID: 10754, guid: 0000000000000000f000000000000000, type: 0}
  m_StaticBatchInfo:
    firstSubMesh: 0
    subMeshCount: 0
  m_StaticBatchRoot: {fileID: 0}
  m_ProbeAnchor: {fileID: 0}
  m_LightProbeVolumeOverride: {fileID: 0}
  m_ScaleInLightmap: 1
  m_ReceiveGI: 1
  m_PreserveUVs: 0
  m_IgnoreNormalsForChartDetection: 0
  m_ImportantGI: 0
  m_StitchLightmapSeams: 1
  m_SelectedEditorRenderState: 0
  m_MinimumChartSize: 4
  m_AutoUVMaxDistance: 0.5
  m_AutoUVMaxAngle: 89
  m_LightmapParameters: {fileID: 0}
  m_SortingLayerID: 0
  m_SortingLayer: 0
  m_SortingOrder: 0
  m_Sprite: {fileID: 21300000, guid: 50d071c8391a07b42adc9057b8b48710, type: 3}
  m_Color: {r: 1, g: 0, b: 0, a: 1}
  m_FlipX: 0
  m_FlipY: 0
  m_DrawMode: 0
  m_Size: {x: 0.5, y: 0.5}
  m_AdaptiveModeThreshold: 0.5
  m_SpriteTileMode: 0
  m_WasSpriteAssigned: 1
  m_MaskInteraction: 0
  m_SpriteSortPoint: 0
--- !u!1 &5783909620102806624
GameObject:
  m_ObjectHideFlags: 0
  m_CorrespondingSourceObject: {fileID: 0}
  m_PrefabInstance: {fileID: 0}
  m_PrefabAsset: {fileID: 0}
  serializedVersion: 6
  m_Component:
  - component: {fileID: 5783909620102806635}
  - component: {fileID: 5783909620102806636}
  - component: {fileID: 5783909620102806638}
  - component: {fileID: 5783909620102806634}
  - component: {fileID: 2464297549124298843}
  - component: {fileID: 109745167}
  - component: {fileID: 4928631200290941982}
  - component: {fileID: 2826715479398334405}
  - component: {fileID: 7379657033485352792}
  - component: {fileID: 2075757755}
  - component: {fileID: 956684367119884964}
  - component: {fileID: 6991394455081627482}
  - component: {fileID: 4322503173816277682}
  - component: {fileID: -138633508070464689}
  - component: {fileID: 8085567943132866323}
  - component: {fileID: 2823357179236252552}
  m_Layer: 9
  m_Name: Lightning
  m_TagString: Player
  m_Icon: {fileID: 0}
  m_NavMeshLayer: 0
  m_StaticEditorFlags: 0
  m_IsActive: 1
--- !u!4 &5783909620102806635
Transform:
  m_ObjectHideFlags: 0
  m_CorrespondingSourceObject: {fileID: 0}
  m_PrefabInstance: {fileID: 0}
  m_PrefabAsset: {fileID: 0}
  m_GameObject: {fileID: 5783909620102806624}
  m_LocalRotation: {x: 0, y: 0, z: 0, w: 1}
  m_LocalPosition: {x: 0, y: 0, z: 0}
  m_LocalScale: {x: 1, y: 1, z: 1}
  m_ConstrainProportionsScale: 0
  m_Children:
  - {fileID: 5783909619330649518}
  m_Father: {fileID: 0}
  m_RootOrder: 0
  m_LocalEulerAnglesHint: {x: 0, y: 0, z: 0}
--- !u!212 &5783909620102806636
SpriteRenderer:
  m_ObjectHideFlags: 0
  m_CorrespondingSourceObject: {fileID: 0}
  m_PrefabInstance: {fileID: 0}
  m_PrefabAsset: {fileID: 0}
  m_GameObject: {fileID: 5783909620102806624}
  m_Enabled: 1
  m_CastShadows: 0
  m_ReceiveShadows: 0
  m_DynamicOccludee: 1
  m_StaticShadowCaster: 0
  m_MotionVectors: 1
  m_LightProbeUsage: 1
  m_ReflectionProbeUsage: 1
  m_RayTracingMode: 0
  m_RayTraceProcedural: 0
  m_RenderingLayerMask: 1
  m_RendererPriority: 0
  m_Materials:
  - {fileID: 10754, guid: 0000000000000000f000000000000000, type: 0}
  m_StaticBatchInfo:
    firstSubMesh: 0
    subMeshCount: 0
  m_StaticBatchRoot: {fileID: 0}
  m_ProbeAnchor: {fileID: 0}
  m_LightProbeVolumeOverride: {fileID: 0}
  m_ScaleInLightmap: 1
  m_ReceiveGI: 1
  m_PreserveUVs: 0
  m_IgnoreNormalsForChartDetection: 0
  m_ImportantGI: 0
  m_StitchLightmapSeams: 1
  m_SelectedEditorRenderState: 0
  m_MinimumChartSize: 4
  m_AutoUVMaxDistance: 0.5
  m_AutoUVMaxAngle: 89
  m_LightmapParameters: {fileID: 0}
  m_SortingLayerID: 0
  m_SortingLayer: 0
  m_SortingOrder: 0
  m_Sprite: {fileID: 21300000, guid: f327979c094a9ae42a96e39a0ea3b40d, type: 3}
  m_Color: {r: 1, g: 1, b: 1, a: 1}
  m_FlipX: 0
  m_FlipY: 0
  m_DrawMode: 0
  m_Size: {x: 0.5, y: 0.5}
  m_AdaptiveModeThreshold: 0.5
  m_SpriteTileMode: 0
  m_WasSpriteAssigned: 1
  m_MaskInteraction: 0
  m_SpriteSortPoint: 0
--- !u!50 &5783909620102806638
Rigidbody2D:
  serializedVersion: 4
  m_ObjectHideFlags: 0
  m_CorrespondingSourceObject: {fileID: 0}
  m_PrefabInstance: {fileID: 0}
  m_PrefabAsset: {fileID: 0}
  m_GameObject: {fileID: 5783909620102806624}
  m_BodyType: 0
  m_Simulated: 1
  m_UseFullKinematicContacts: 0
  m_UseAutoMass: 0
  m_Mass: 1
  m_LinearDrag: 0
  m_AngularDrag: 0.05
  m_GravityScale: 1
  m_Material: {fileID: 0}
  m_Interpolate: 1
  m_SleepingMode: 0
  m_CollisionDetection: 1
  m_Constraints: 0
--- !u!114 &5783909620102806634
MonoBehaviour:
  m_ObjectHideFlags: 0
  m_CorrespondingSourceObject: {fileID: 0}
  m_PrefabInstance: {fileID: 0}
  m_PrefabAsset: {fileID: 0}
  m_GameObject: {fileID: 5783909620102806624}
  m_Enabled: 1
  m_EditorHideFlags: 0
  m_Script: {fileID: 11500000, guid: d9920eee5eb2b004ba60db5063c55178, type: 3}
  m_Name: 
  m_EditorClassIdentifier: 
  playerInput: {fileID: 2075757755}
  playerMovement: {fileID: 0}
  weapon: {fileID: 8085567943132866323}
  myBoostBar: {fileID: 0}
  drainNow: 0
  caScript: {fileID: 0}
  isPaused: 0
  PauseMenu: {fileID: 0}
  timePause: {fileID: 0}
--- !u!114 &2464297549124298843
MonoBehaviour:
  m_ObjectHideFlags: 0
  m_CorrespondingSourceObject: {fileID: 0}
  m_PrefabInstance: {fileID: 0}
  m_PrefabAsset: {fileID: 0}
  m_GameObject: {fileID: 5783909620102806624}
  m_Enabled: 1
  m_EditorHideFlags: 0
  m_Script: {fileID: 11500000, guid: 48e5cfbc63de5d54089387d473a97dae, type: 3}
  m_Name: 
  m_EditorClassIdentifier: 
  phRef: {fileID: 4322503173816277682}
  regenTimer: 2
  regenAmount: 0.5
--- !u!60 &109745167
PolygonCollider2D:
  m_ObjectHideFlags: 0
  m_CorrespondingSourceObject: {fileID: 0}
  m_PrefabInstance: {fileID: 0}
  m_PrefabAsset: {fileID: 0}
  m_GameObject: {fileID: 5783909620102806624}
  m_Enabled: 1
  m_Density: 1
  m_Material: {fileID: 0}
  m_IsTrigger: 1
  m_UsedByEffector: 0
  m_UsedByComposite: 0
  m_Offset: {x: 0, y: 0}
  m_SpriteTilingProperty:
    border: {x: 0, y: 0, z: 0, w: 0}
    pivot: {x: 0.5, y: 0.5}
    oldSize: {x: 5.89, y: 3.5}
    newSize: {x: 0.5, y: 0.5}
    adaptiveTilingThreshold: 0.5
    drawMode: 0
    adaptiveTiling: 0
  m_AutoTiling: 0
  m_Points:
    m_Paths:
    - - {x: 0.21428753, y: 0.11852958}
      - {x: 0.4852168, y: 0.33043733}
      - {x: 0.23065928, y: 0.66946024}
      - {x: 0.001890529, y: 0.74531823}
      - {x: -0.2451472, y: 0.6600358}
      - {x: -0.48697346, y: 0.3246616}
      - {x: -0.22862554, y: 0.13486737}
      - {x: -0.23039997, y: -0.19848157}
      - {x: -0.4506486, y: -0.5653273}
      - {x: -0.32826632, y: -0.7519807}
      - {x: -0.020203158, y: -0.8765154}
      - {x: 0.4548974, y: -0.71614826}
      - {x: 0.20951706, y: -0.25080776}
--- !u!114 &4928631200290941982
MonoBehaviour:
  m_ObjectHideFlags: 0
  m_CorrespondingSourceObject: {fileID: 0}
  m_PrefabInstance: {fileID: 0}
  m_PrefabAsset: {fileID: 0}
  m_GameObject: {fileID: 5783909620102806624}
  m_Enabled: 1
  m_EditorHideFlags: 0
  m_Script: {fileID: 11500000, guid: 3e5ac285a4a7fcd4395647c62b7e5b72, type: 3}
  m_Name: 
  m_EditorClassIdentifier: 
  collections:
  - {fileID: 11400000, guid: b90dc3e0484a156499343dfadcaa8ae2, type: 2}
--- !u!114 &2826715479398334405
MonoBehaviour:
  m_ObjectHideFlags: 0
  m_CorrespondingSourceObject: {fileID: 0}
  m_PrefabInstance: {fileID: 0}
  m_PrefabAsset: {fileID: 0}
  m_GameObject: {fileID: 5783909620102806624}
  m_Enabled: 1
  m_EditorHideFlags: 0
  m_Script: {fileID: 11500000, guid: e7541f8ac303d2c4daca3c49a02b9a00, type: 3}
  m_Name: 
  m_EditorClassIdentifier: 
  planeMovement: {fileID: 0}
  engineAudioSource: {fileID: 7379657033485352792}
  engineDrone:
    curValue: 0
    adaptiveness: 100
    valueRange: {x: 0, y: 1}
    volumeCurve:
      serializedVersion: 2
      m_Curve:
      - serializedVersion: 3
        time: 0
        value: 1
        inSlope: 0
        outSlope: 0
        tangentMode: 0
        weightedMode: 0
        inWeight: 0
        outWeight: 0
      - serializedVersion: 3
        time: 1
        value: 1
        inSlope: 0
        outSlope: 0
        tangentMode: 0
        weightedMode: 0
        inWeight: 0
        outWeight: 0
      m_PreInfinity: 2
      m_PostInfinity: 2
      m_RotationOrder: 4
    pitchCurve:
      serializedVersion: 2
      m_Curve:
      - serializedVersion: 3
        time: 0
        value: 1
        inSlope: 0
        outSlope: 0
        tangentMode: 0
        weightedMode: 0
        inWeight: 0
        outWeight: 0
      - serializedVersion: 3
        time: 1
        value: 1
        inSlope: 0
        outSlope: 0
        tangentMode: 0
        weightedMode: 0
        inWeight: 0
        outWeight: 0
      m_PreInfinity: 2
      m_PostInfinity: 2
      m_RotationOrder: 4
--- !u!82 &7379657033485352792
AudioSource:
  m_ObjectHideFlags: 0
  m_CorrespondingSourceObject: {fileID: 0}
  m_PrefabInstance: {fileID: 0}
  m_PrefabAsset: {fileID: 0}
  m_GameObject: {fileID: 5783909620102806624}
  m_Enabled: 1
  serializedVersion: 4
  OutputAudioMixerGroup: {fileID: 0}
  m_audioClip: {fileID: 0}
  m_PlayOnAwake: 1
  m_Volume: 1
  m_Pitch: 1
  Loop: 1
  Mute: 0
  Spatialize: 0
  SpatializePostEffects: 0
  Priority: 128
  DopplerLevel: 1
  MinDistance: 1
  MaxDistance: 500
  Pan2D: 0
  rolloffMode: 0
  BypassEffects: 0
  BypassListenerEffects: 0
  BypassReverbZones: 0
  rolloffCustomCurve:
    serializedVersion: 2
    m_Curve:
    - serializedVersion: 3
      time: 0
      value: 1
      inSlope: 0
      outSlope: 0
      tangentMode: 0
      weightedMode: 0
      inWeight: 0.33333334
      outWeight: 0.33333334
    - serializedVersion: 3
      time: 1
      value: 0
      inSlope: 0
      outSlope: 0
      tangentMode: 0
      weightedMode: 0
      inWeight: 0.33333334
      outWeight: 0.33333334
    m_PreInfinity: 2
    m_PostInfinity: 2
    m_RotationOrder: 4
  panLevelCustomCurve:
    serializedVersion: 2
    m_Curve:
    - serializedVersion: 3
      time: 0
      value: 0
      inSlope: 0
      outSlope: 0
      tangentMode: 0
      weightedMode: 0
      inWeight: 0.33333334
      outWeight: 0.33333334
    m_PreInfinity: 2
    m_PostInfinity: 2
    m_RotationOrder: 4
  spreadCustomCurve:
    serializedVersion: 2
    m_Curve:
    - serializedVersion: 3
      time: 0
      value: 0
      inSlope: 0
      outSlope: 0
      tangentMode: 0
      weightedMode: 0
      inWeight: 0.33333334
      outWeight: 0.33333334
    m_PreInfinity: 2
    m_PostInfinity: 2
    m_RotationOrder: 4
  reverbZoneMixCustomCurve:
    serializedVersion: 2
    m_Curve:
    - serializedVersion: 3
      time: 0
      value: 1
      inSlope: 0
      outSlope: 0
      tangentMode: 0
      weightedMode: 0
      inWeight: 0.33333334
      outWeight: 0.33333334
    m_PreInfinity: 2
    m_PostInfinity: 2
    m_RotationOrder: 4
--- !u!114 &2075757755
MonoBehaviour:
  m_ObjectHideFlags: 0
  m_CorrespondingSourceObject: {fileID: 0}
  m_PrefabInstance: {fileID: 0}
  m_PrefabAsset: {fileID: 0}
  m_GameObject: {fileID: 5783909620102806624}
  m_Enabled: 1
  m_EditorHideFlags: 0
  m_Script: {fileID: 11500000, guid: 62899f850307741f2a39c98a8b639597, type: 3}
  m_Name: 
  m_EditorClassIdentifier: 
  m_Actions: {fileID: -944628639613478452, guid: 23d9b78736f939648802bd2677b14f01,
    type: 3}
  m_NotificationBehavior: 3
  m_UIInputModule: {fileID: 0}
  m_DeviceLostEvent:
    m_PersistentCalls:
      m_Calls: []
  m_DeviceRegainedEvent:
    m_PersistentCalls:
      m_Calls: []
  m_ControlsChangedEvent:
    m_PersistentCalls:
      m_Calls: []
  m_ActionEvents: []
  m_NeverAutoSwitchControlSchemes: 0
  m_DefaultControlScheme: 
  m_DefaultActionMap: Player One
  m_SplitScreenIndex: -1
  m_Camera: {fileID: 0}
--- !u!96 &956684367119884964
TrailRenderer:
  serializedVersion: 2
  m_ObjectHideFlags: 0
  m_CorrespondingSourceObject: {fileID: 0}
  m_PrefabInstance: {fileID: 0}
  m_PrefabAsset: {fileID: 0}
  m_GameObject: {fileID: 5783909620102806624}
  m_Enabled: 1
  m_CastShadows: 1
  m_ReceiveShadows: 1
  m_DynamicOccludee: 1
  m_StaticShadowCaster: 0
  m_MotionVectors: 0
  m_LightProbeUsage: 0
  m_ReflectionProbeUsage: 0
  m_RayTracingMode: 0
  m_RayTraceProcedural: 0
  m_RenderingLayerMask: 1
  m_RendererPriority: 0
  m_Materials:
  - {fileID: 10754, guid: 0000000000000000f000000000000000, type: 0}
  m_StaticBatchInfo:
    firstSubMesh: 0
    subMeshCount: 0
  m_StaticBatchRoot: {fileID: 0}
  m_ProbeAnchor: {fileID: 0}
  m_LightProbeVolumeOverride: {fileID: 0}
  m_ScaleInLightmap: 1
  m_ReceiveGI: 1
  m_PreserveUVs: 0
  m_IgnoreNormalsForChartDetection: 0
  m_ImportantGI: 0
  m_StitchLightmapSeams: 1
  m_SelectedEditorRenderState: 3
  m_MinimumChartSize: 4
  m_AutoUVMaxDistance: 0.5
  m_AutoUVMaxAngle: 89
  m_LightmapParameters: {fileID: 0}
  m_SortingLayerID: 0
  m_SortingLayer: 0
  m_SortingOrder: 0
  m_Time: 3
  m_Parameters:
    serializedVersion: 3
    widthMultiplier: 0.2
    widthCurve:
      serializedVersion: 2
      m_Curve:
      - serializedVersion: 3
        time: 0.10026494
        value: 1
        inSlope: -7.741629
        outSlope: -7.741629
        tangentMode: 0
        weightedMode: 0
        inWeight: 0.33333334
        outWeight: 0.037575554
      - serializedVersion: 3
        time: 0.8152191
        value: 0.9658117
        inSlope: -9.084331
        outSlope: -9.084331
        tangentMode: 0
        weightedMode: 0
        inWeight: 0.03583413
        outWeight: 0
      m_PreInfinity: 2
      m_PostInfinity: 2
      m_RotationOrder: 4
    colorGradient:
      serializedVersion: 2
      key0: {r: 1, g: 1, b: 1, a: 1}
      key1: {r: 0.2392157, g: 0.77647066, b: 0.8470589, a: 1}
      key2: {r: 0.23921569, g: 0.7764706, b: 0.84705883, a: 0}
      key3: {r: 0, g: 0, b: 0, a: 0}
      key4: {r: 0, g: 0, b: 0, a: 0}
      key5: {r: 0, g: 0, b: 0, a: 0}
      key6: {r: 0, g: 0, b: 0, a: 0}
      key7: {r: 0, g: 0, b: 0, a: 0}
      ctime0: 0
      ctime1: 30840
      ctime2: 65535
      ctime3: 0
      ctime4: 0
      ctime5: 0
      ctime6: 0
      ctime7: 0
      atime0: 0
      atime1: 65535
      atime2: 0
      atime3: 0
      atime4: 0
      atime5: 0
      atime6: 0
      atime7: 0
      m_Mode: 0
      m_NumColorKeys: 3
      m_NumAlphaKeys: 2
    numCornerVertices: 0
    numCapVertices: 0
    alignment: 0
    textureMode: 0
    shadowBias: 0.5
    generateLightingData: 0
  m_MinVertexDistance: 0.1
  m_Autodestruct: 0
  m_Emitting: 1
--- !u!114 &6991394455081627482
MonoBehaviour:
  m_ObjectHideFlags: 0
  m_CorrespondingSourceObject: {fileID: 0}
  m_PrefabInstance: {fileID: 0}
  m_PrefabAsset: {fileID: 0}
  m_GameObject: {fileID: 5783909620102806624}
  m_Enabled: 1
  m_EditorHideFlags: 0
  m_Script: {fileID: 11500000, guid: 11517eaecddaf894d88fb49a97ffa385, type: 3}
  m_Name: 
  m_EditorClassIdentifier: 
  rb: {fileID: 5783909620102806638}
  coeffOfFriction: 0
  frontalArea: 1
  dirToAreaScale:
    serializedVersion: 2
    m_Curve:
    - serializedVersion: 3
      time: 0
      value: 1
      inSlope: 0
      outSlope: 0
      tangentMode: 0
      weightedMode: 0
      inWeight: 0
      outWeight: 0
    - serializedVersion: 3
      time: 1
      value: 1
      inSlope: 0
      outSlope: 0
      tangentMode: 0
      weightedMode: 0
      inWeight: 0
      outWeight: 0
    m_PreInfinity: 2
    m_PostInfinity: 2
    m_RotationOrder: 4
  velocityRaisedToThePower: 1
  airDensity: 1.29
  hullStandard: {fileID: 11400000, guid: e537ff89784c9f94f99aa2fe6bef2ef7, type: 2}
  hullLight: {fileID: 11400000, guid: f217d650f8e59c0499286775592ddb34, type: 2}
  hullHeavy: {fileID: 11400000, guid: ade63ba0c89018a468c5efeaec344fc5, type: 2}
--- !u!114 &4322503173816277682
MonoBehaviour:
  m_ObjectHideFlags: 0
  m_CorrespondingSourceObject: {fileID: 0}
  m_PrefabInstance: {fileID: 0}
  m_PrefabAsset: {fileID: 0}
  m_GameObject: {fileID: 5783909620102806624}
  m_Enabled: 1
  m_EditorHideFlags: 0
  m_Script: {fileID: 11500000, guid: bc806ccfe42946e419d2d0caaa58cdc6, type: 3}
  m_Name: 
  m_EditorClassIdentifier: 
  hp: 0
  maxHp: 100
  isAlive: 1
  isVuln: 1
  deathAudioEffect: {fileID: 0}
  deathEffectPrefab: {fileID: 0}
  boostCanvas: {fileID: 0}
  menuPause: {fileID: 0}
  pirScript: {fileID: 0}
  mySpriteRenderer: {fileID: 0}
  hrRef: {fileID: 2464297549124298843}
  hullStandard: {fileID: 11400000, guid: e537ff89784c9f94f99aa2fe6bef2ef7, type: 2}
  hullLight: {fileID: 11400000, guid: f217d650f8e59c0499286775592ddb34, type: 2}
  hullHeavy: {fileID: 11400000, guid: ade63ba0c89018a468c5efeaec344fc5, type: 2}
--- !u!114 &-138633508070464689
MonoBehaviour:
  m_ObjectHideFlags: 0
  m_CorrespondingSourceObject: {fileID: 0}
  m_PrefabInstance: {fileID: 0}
  m_PrefabAsset: {fileID: 0}
  m_GameObject: {fileID: 5783909620102806624}
  m_Enabled: 1
  m_EditorHideFlags: 0
  m_Script: {fileID: 11500000, guid: 8479fd75d790ecd4391f5f60622090c6, type: 3}
  m_Name: 
  m_EditorClassIdentifier: 
  rb: {fileID: 5783909620102806638}
  engineForce: 50
  rotateSpeed: 300
  boostRotRatio: 0.8
  wingChoice: 
  wingGlide: {fileID: 11400000, guid: 23dbb474d7aec124481fb3e450b7cbb2, type: 2}
  wingDash: {fileID: 11400000, guid: e6a96c32e2dda464e95ee67f5b65bc4b, type: 2}
  wingStandard: {fileID: 11400000, guid: af531bb20adc6f141a3ad535002ddd44, type: 2}
--- !u!114 &8085567943132866323
MonoBehaviour:
  m_ObjectHideFlags: 0
  m_CorrespondingSourceObject: {fileID: 0}
  m_PrefabInstance: {fileID: 0}
  m_PrefabAsset: {fileID: 0}
  m_GameObject: {fileID: 5783909620102806624}
  m_Enabled: 1
  m_EditorHideFlags: 0
  m_Script: {fileID: 11500000, guid: a39afabaf3ea93f42ae413acf88c6f83, type: 3}
  m_Name: 
  m_EditorClassIdentifier: 
  spawnLocation: {fileID: 5783909619330649518}
  projectilePrefab: {fileID: 2514554983529296767, guid: 0ad2346ff10ff8243ba53f15f4d73fb6,
    type: 3}
  fireRateCounter: 0
  audioSource: {fileID: 0}
  projectilesInheritVelocity: 0
  rb2D: {fileID: 5783909620102806638}
--- !u!114 &2823357179236252552
MonoBehaviour:
  m_ObjectHideFlags: 0
  m_CorrespondingSourceObject: {fileID: 0}
  m_PrefabInstance: {fileID: 0}
  m_PrefabAsset: {fileID: 0}
  m_GameObject: {fileID: 5783909620102806624}
  m_Enabled: 1
  m_EditorHideFlags: 0
  m_Script: {fileID: 11500000, guid: ae9c86ac97545dc4783ab0c871499d82, type: 3}
  m_Name: 
  m_EditorClassIdentifier: 
  wingType: 
  hullType: 
  sRenderer: {fileID: 5783909620102806636}
  dashHeavy: {fileID: 21300000, guid: 47691b0a8012c8748af01f44436369d9, type: 3}
  dashLight: {fileID: 21300000, guid: 51d913494bc0bf34c9b502533ea61005, type: 3}
  dashStand: {fileID: 21300000, guid: 7c13715a216a68243a7970acbfe52668, type: 3}
  gLideHeavy: {fileID: 21300000, guid: 19b40d19150c3694f976a75cc2b147c0, type: 3}
  glideLight: {fileID: 21300000, guid: 1f4b8ead7680e9f4e9bb3e39d61c86e7, type: 3}
  glideStand: {fileID: 21300000, guid: e1b47b22b2ef9874ba66b5bcb2bce3b7, type: 3}
  standHeavy: {fileID: 21300000, guid: 2d950cb8e14ca6447a9abc204e18893c, type: 3}
  standLight: {fileID: 21300000, guid: 6023ae8e9419346499aa67cbe112b2d0, type: 3}
  standStand: {fileID: 21300000, guid: 4e0030df9abb21141bd03cb67da6ca70, type: 3}
