%YAML 1.1
%TAG !u! tag:unity3d.com,2011:
--- !u!1 &8788919337166170077
GameObject:
  m_ObjectHideFlags: 0
  m_CorrespondingSourceObject: {fileID: 0}
  m_PrefabInstance: {fileID: 0}
  m_PrefabAsset: {fileID: 0}
  serializedVersion: 6
  m_Component:
  - component: {fileID: 8788919337166170074}
  - component: {fileID: 8788919337166170073}
  - component: {fileID: 8788919337166170079}
  - component: {fileID: 8788919337166170078}
  - component: {fileID: 8349971179160582685}
  - component: {fileID: 6080112543117461182}
  - component: {fileID: 543036764}
  - component: {fileID: 6080112543117461181}
  m_Layer: 11
  m_Name: EnemyShipPlaceholder
  m_TagString: Enemy
  m_Icon: {fileID: 0}
  m_NavMeshLayer: 0
  m_StaticEditorFlags: 0
  m_IsActive: 1
--- !u!4 &8788919337166170074
Transform:
  m_ObjectHideFlags: 0
  m_CorrespondingSourceObject: {fileID: 0}
  m_PrefabInstance: {fileID: 0}
  m_PrefabAsset: {fileID: 0}
  m_GameObject: {fileID: 8788919337166170077}
  m_LocalRotation: {x: 0, y: 0, z: 0, w: 1}
  m_LocalPosition: {x: -9.51, y: -20.49, z: 0}
  m_LocalScale: {x: 1, y: 1, z: 1}
  m_ConstrainProportionsScale: 0
  m_Children:
  - {fileID: 7222512274343333750}
  m_Father: {fileID: 0}
  m_RootOrder: 0
  m_LocalEulerAnglesHint: {x: 0, y: 0, z: 0}
--- !u!212 &8788919337166170073
SpriteRenderer:
  m_ObjectHideFlags: 0
  m_CorrespondingSourceObject: {fileID: 0}
  m_PrefabInstance: {fileID: 0}
  m_PrefabAsset: {fileID: 0}
  m_GameObject: {fileID: 8788919337166170077}
  m_Enabled: 1
  m_CastShadows: 0
  m_ReceiveShadows: 0
  m_DynamicOccludee: 1
  m_StaticShadowCaster: 0
  m_MotionVectors: 1
  m_LightProbeUsage: 1
  m_ReflectionProbeUsage: 1
  m_RayTracingMode: 0
  m_RayTraceProcedural: 0
  m_RenderingLayerMask: 1
  m_RendererPriority: 0
  m_Materials:
  - {fileID: 10754, guid: 0000000000000000f000000000000000, type: 0}
  m_StaticBatchInfo:
    firstSubMesh: 0
    subMeshCount: 0
  m_StaticBatchRoot: {fileID: 0}
  m_ProbeAnchor: {fileID: 0}
  m_LightProbeVolumeOverride: {fileID: 0}
  m_ScaleInLightmap: 1
  m_ReceiveGI: 1
  m_PreserveUVs: 0
  m_IgnoreNormalsForChartDetection: 0
  m_ImportantGI: 0
  m_StitchLightmapSeams: 1
  m_SelectedEditorRenderState: 0
  m_MinimumChartSize: 4
  m_AutoUVMaxDistance: 0.5
  m_AutoUVMaxAngle: 89
  m_LightmapParameters: {fileID: 0}
  m_SortingLayerID: 0
  m_SortingLayer: 0
  m_SortingOrder: 0
  m_Sprite: {fileID: 21300000, guid: cc64ffe329156e945bb4fedc628296e6, type: 3}
  m_Color: {r: 1, g: 1, b: 1, a: 1}
  m_FlipX: 0
  m_FlipY: 0
  m_DrawMode: 0
  m_Size: {x: 0.5, y: 0.5}
  m_AdaptiveModeThreshold: 0.5
  m_SpriteTileMode: 0
  m_WasSpriteAssigned: 1
  m_MaskInteraction: 0
  m_SpriteSortPoint: 0
--- !u!50 &8788919337166170079
Rigidbody2D:
  serializedVersion: 4
  m_ObjectHideFlags: 0
  m_CorrespondingSourceObject: {fileID: 0}
  m_PrefabInstance: {fileID: 0}
  m_PrefabAsset: {fileID: 0}
  m_GameObject: {fileID: 8788919337166170077}
  m_BodyType: 0
  m_Simulated: 1
  m_UseFullKinematicContacts: 0
  m_UseAutoMass: 0
  m_Mass: 1
  m_LinearDrag: 0
  m_AngularDrag: 0.05
  m_GravityScale: 0
  m_Material: {fileID: 0}
  m_Interpolate: 1
  m_SleepingMode: 1
  m_CollisionDetection: 1
  m_Constraints: 0
--- !u!114 &8788919337166170078
MonoBehaviour:
  m_ObjectHideFlags: 0
  m_CorrespondingSourceObject: {fileID: 0}
  m_PrefabInstance: {fileID: 0}
  m_PrefabAsset: {fileID: 0}
  m_GameObject: {fileID: 8788919337166170077}
  m_Enabled: 1
  m_EditorHideFlags: 0
  m_Script: {fileID: 11500000, guid: 40d91c4df27a5294d8ee9807c9cda77b, type: 3}
  m_Name: 
  m_EditorClassIdentifier: 
  hp: 5
  maxHp: 5
  isAlive: 1
  isVuln: 1
  restartButton: {fileID: 0}
  deathAudioEffect: {fileID: 0}
  deathEffectPrefab: {fileID: 0}
  boostCanvas: {fileID: 0}
--- !u!60 &8349971179160582685
PolygonCollider2D:
  m_ObjectHideFlags: 0
  m_CorrespondingSourceObject: {fileID: 0}
  m_PrefabInstance: {fileID: 0}
  m_PrefabAsset: {fileID: 0}
  m_GameObject: {fileID: 8788919337166170077}
  m_Enabled: 1
  m_Density: 1
  m_Material: {fileID: 0}
  m_IsTrigger: 0
  m_UsedByEffector: 0
  m_UsedByComposite: 0
  m_Offset: {x: 0, y: 0}
  m_SpriteTilingProperty:
    border: {x: 0, y: 0, z: 0, w: 0}
    pivot: {x: 0.5, y: 0.5}
    oldSize: {x: 3.7, y: 3.14}
    newSize: {x: 0.5, y: 0.5}
    adaptiveTilingThreshold: 0.5
    drawMode: 0
    adaptiveTiling: 0
  m_AutoTiling: 0
  m_Points:
    m_Paths:
    - - {x: 0.79064786, y: 0.98297167}
      - {x: 0.83174515, y: 1.0245113}
      - {x: 0.8313274, y: 1.5005573}
      - {x: 0.7628603, y: 1.5446548}
      - {x: 0.37416744, y: 1.5442219}
      - {x: 0.30942184, y: 1.4882329}
      - {x: 0.30617523, y: 1.0468903}
      - {x: 0.36219025, y: 0.98291016}
      - {x: 0.37005043, y: 0.5122138}
      - {x: -1.2372999, y: -0.64282036}
      - {x: -1.3023593, y: -0.648945}
      - {x: -1.489315, y: -0.7226677}
      - {x: -1.7828854, y: -0.7248156}
      - {x: -1.7849698, y: -1.0931023}
      - {x: -1.6683202, y: -1.0961604}
      - {x: -1.6537566, y: -1.2001762}
      - {x: -1.5691409, y: -1.3779105}
      - {x: -1.4238467, y: -1.4791932}
      - {x: -1.2393494, y: -1.5230656}
      - {x: -1.0449696, y: -1.4937611}
      - {x: -0.86921406, y: -1.3359146}
      - {x: -0.7865143, y: -1.1064777}
      - {x: 0.7484188, y: -1.101284}
      - {x: 0.75558853, y: -1.1560287}
      - {x: 0.80266285, y: -1.2879848}
      - {x: 0.89410496, y: -1.4084473}
      - {x: 0.9976139, y: -1.4860992}
      - {x: 1.1752386, y: -1.5394764}
      - {x: 1.3766828, y: -1.4995806}
      - {x: 1.5817189, y: -1.3341999}
      - {x: 1.6340895, y: -1.0997238}
      - {x: 1.7945962, y: -1.1025352}
      - {x: 1.7922902, y: -0.71912575}
      - {x: 1.6378937, y: -0.7158875}
      - {x: 0.82793856, y: 0.29320335}
      - {x: 0.75097287, y: 0.36604044}
      - {x: 0.7529838, y: 0.97456187}
--- !u!114 &6080112543117461182
MonoBehaviour:
  m_ObjectHideFlags: 0
  m_CorrespondingSourceObject: {fileID: 0}
  m_PrefabInstance: {fileID: 0}
  m_PrefabAsset: {fileID: 0}
  m_GameObject: {fileID: 8788919337166170077}
  m_Enabled: 1
  m_EditorHideFlags: 0
  m_Script: {fileID: 11500000, guid: bd3fe66a8afbf274e87b086e499f30e9, type: 3}
  m_Name: 
  m_EditorClassIdentifier: 
  turrets:
  - {fileID: 0}
  - {fileID: 3474318526445645729}
  maxFireDistance: 30
  shootRate: 3
  moveSpeedRange: {x: -1, y: 1}
  playerCollection: {fileID: 11400000, guid: b90dc3e0484a156499343dfadcaa8ae2, type: 2}
--- !u!114 &543036764
MonoBehaviour:
  m_ObjectHideFlags: 0
  m_CorrespondingSourceObject: {fileID: 0}
  m_PrefabInstance: {fileID: 0}
  m_PrefabAsset: {fileID: 0}
  m_GameObject: {fileID: 8788919337166170077}
  m_Enabled: 1
  m_EditorHideFlags: 0
  m_Script: {fileID: 11500000, guid: 3e5ac285a4a7fcd4395647c62b7e5b72, type: 3}
  m_Name: 
  m_EditorClassIdentifier: 
  collections:
  - {fileID: 11400000, guid: aeb93495b54e17749ae8d25aa0403a69, type: 2}
  - {fileID: 11400000, guid: 8edfd13630e18e54eaaf104498a120ba, type: 2}
--- !u!114 &6080112543117461181
MonoBehaviour:
  m_ObjectHideFlags: 0
  m_CorrespondingSourceObject: {fileID: 0}
  m_PrefabInstance: {fileID: 0}
  m_PrefabAsset: {fileID: 0}
  m_GameObject: {fileID: 8788919337166170077}
  m_Enabled: 1
  m_EditorHideFlags: 0
  m_Script: {fileID: 11500000, guid: a39afabaf3ea93f42ae413acf88c6f83, type: 3}
  m_Name: 
  m_EditorClassIdentifier: 
  spawnLocation: {fileID: 1811741032067448439}
  projectilePrefab: {fileID: 267487634118991729, guid: 4b1e9483fa594dd4d9075fbc787bba5a,
    type: 3}
  fireRateCounter: 0
  audioSource: {fileID: 0}
  projectilesInheritVelocity: 1
  rb2D: {fileID: 0}
--- !u!1001 &3474318526136293879
PrefabInstance:
  m_ObjectHideFlags: 0
  serializedVersion: 2
  m_Modification:
    m_TransformParent: {fileID: 8788919337166170074}
    m_Modifications:
    - target: {fileID: 1482901199478397968, guid: beee6f8fe405c0e4b88279cd748f3ade,
        type: 3}
      propertyPath: m_Name
      value: ShipTurretCore
      objectReference: {fileID: 0}
    - target: {fileID: 1482901199478397968, guid: beee6f8fe405c0e4b88279cd748f3ade,
        type: 3}
      propertyPath: m_IsActive
      value: 1
      objectReference: {fileID: 0}
    - target: {fileID: 3327302105851146623, guid: beee6f8fe405c0e4b88279cd748f3ade,
        type: 3}
      propertyPath: m_SortingOrder
      value: 8
      objectReference: {fileID: 0}
    - target: {fileID: 3965523993702405320, guid: beee6f8fe405c0e4b88279cd748f3ade,
        type: 3}
      propertyPath: m_Name
      value: ProjectSpawnLoc
      objectReference: {fileID: 0}
    - target: {fileID: 6056434328987735681, guid: beee6f8fe405c0e4b88279cd748f3ade,
        type: 3}
      propertyPath: m_RootOrder
      value: 0
      objectReference: {fileID: 0}
    - target: {fileID: 6056434328987735681, guid: beee6f8fe405c0e4b88279cd748f3ade,
        type: 3}
      propertyPath: m_LocalScale.x
      value: 2.0165
      objectReference: {fileID: 0}
    - target: {fileID: 6056434328987735681, guid: beee6f8fe405c0e4b88279cd748f3ade,
        type: 3}
      propertyPath: m_LocalScale.y
      value: 2.0165
      objectReference: {fileID: 0}
    - target: {fileID: 6056434328987735681, guid: beee6f8fe405c0e4b88279cd748f3ade,
        type: 3}
      propertyPath: m_LocalScale.z
      value: 2.0165
      objectReference: {fileID: 0}
    - target: {fileID: 6056434328987735681, guid: beee6f8fe405c0e4b88279cd748f3ade,
        type: 3}
      propertyPath: m_LocalPosition.x
      value: 0.653697
      objectReference: {fileID: 0}
    - target: {fileID: 6056434328987735681, guid: beee6f8fe405c0e4b88279cd748f3ade,
        type: 3}
      propertyPath: m_LocalPosition.y
      value: 0.23631477
      objectReference: {fileID: 0}
    - target: {fileID: 6056434328987735681, guid: beee6f8fe405c0e4b88279cd748f3ade,
        type: 3}
      propertyPath: m_LocalPosition.z
      value: -0.03921111
      objectReference: {fileID: 0}
    - target: {fileID: 6056434328987735681, guid: beee6f8fe405c0e4b88279cd748f3ade,
        type: 3}
      propertyPath: m_LocalRotation.w
      value: 0.9998817
      objectReference: {fileID: 0}
    - target: {fileID: 6056434328987735681, guid: beee6f8fe405c0e4b88279cd748f3ade,
        type: 3}
      propertyPath: m_LocalRotation.x
      value: 0.0019545106
      objectReference: {fileID: 0}
    - target: {fileID: 6056434328987735681, guid: beee6f8fe405c0e4b88279cd748f3ade,
        type: 3}
      propertyPath: m_LocalRotation.y
      value: 0.015262318
      objectReference: {fileID: 0}
    - target: {fileID: 6056434328987735681, guid: beee6f8fe405c0e4b88279cd748f3ade,
        type: 3}
      propertyPath: m_LocalRotation.z
      value: -0.00002983389
      objectReference: {fileID: 0}
    - target: {fileID: 6056434328987735681, guid: beee6f8fe405c0e4b88279cd748f3ade,
        type: 3}
      propertyPath: m_LocalEulerAnglesHint.x
      value: 0.224
      objectReference: {fileID: 0}
    - target: {fileID: 6056434328987735681, guid: beee6f8fe405c0e4b88279cd748f3ade,
        type: 3}
      propertyPath: m_LocalEulerAnglesHint.y
      value: 1.749
      objectReference: {fileID: 0}
    - target: {fileID: 6056434328987735681, guid: beee6f8fe405c0e4b88279cd748f3ade,
        type: 3}
      propertyPath: m_LocalEulerAnglesHint.z
      value: 0
      objectReference: {fileID: 0}
    - target: {fileID: 8483703279674196244, guid: beee6f8fe405c0e4b88279cd748f3ade,
        type: 3}
      propertyPath: m_SortingOrder
      value: 8
      objectReference: {fileID: 0}
    m_RemovedComponents: []
  m_SourcePrefab: {fileID: 100100000, guid: beee6f8fe405c0e4b88279cd748f3ade, type: 3}
--- !u!4 &1811741032067448439 stripped
Transform:
  m_CorrespondingSourceObject: {fileID: 2959949709630285696, guid: beee6f8fe405c0e4b88279cd748f3ade,
    type: 3}
  m_PrefabInstance: {fileID: 3474318526136293879}
  m_PrefabAsset: {fileID: 0}
--- !u!114 &3474318526445645729 stripped
MonoBehaviour:
  m_CorrespondingSourceObject: {fileID: 2008053334, guid: beee6f8fe405c0e4b88279cd748f3ade,
    type: 3}
  m_PrefabInstance: {fileID: 3474318526136293879}
  m_PrefabAsset: {fileID: 0}
  m_GameObject: {fileID: 0}
  m_Enabled: 1
  m_EditorHideFlags: 0
  m_Script: {fileID: 11500000, guid: 6b0d39b6f14547246a068dd0e4a8b77a, type: 3}
  m_Name: 
  m_EditorClassIdentifier: 
--- !u!4 &7222512274343333750 stripped
Transform:
  m_CorrespondingSourceObject: {fileID: 6056434328987735681, guid: beee6f8fe405c0e4b88279cd748f3ade,
    type: 3}
  m_PrefabInstance: {fileID: 3474318526136293879}
  m_PrefabAsset: {fileID: 0}
