%YAML 1.1
%TAG !u! tag:unity3d.com,2011:
--- !u!241 &24100000
AudioMixerController:
  m_ObjectHideFlags: 0
  m_CorrespondingSourceObject: {fileID: 0}
  m_PrefabInstance: {fileID: 0}
  m_PrefabAsset: {fileID: 0}
  m_Name: AudioMixer
  m_OutputGroup: {fileID: 0}
  m_MasterGroup: {fileID: 24300002}
  m_Snapshots:
  - {fileID: 24500006}
  m_StartSnapshot: {fileID: 24500006}
  m_SuspendThreshold: -80
  m_EnableSuspend: 1
  m_UpdateMode: 0
  m_ExposedParameters:
  - guid: 372da30d9f4e694488a016b80f2ad60a
    name: MusicVol
  - guid: 77ed0642116df3b42a08794b321a0c86
    name: SFXVol
  m_AudioMixerGroupViews:
  - guids:
    - 17abd250ba8e6384ca4f031d42fe0985
    - d659d937a0e76bb49b337a92ac0cc5b4
    - 0c84c34858936674f947a6dcb8aa44d4
    name: View
  m_CurrentViewIndex: 0
  m_TargetSnapshot: {fileID: 24500006}
--- !u!243 &24300002
AudioMixerGroupController:
  m_ObjectHideFlags: 0
  m_CorrespondingSourceObject: {fileID: 0}
  m_PrefabInstance: {fileID: 0}
  m_PrefabAsset: {fileID: 0}
  m_Name: Master
  m_AudioMixer: {fileID: 24100000}
  m_GroupID: 17abd250ba8e6384ca4f031d42fe0985
  m_Children:
  - {fileID: 243418851491290290}
  - {fileID: 243720971124955524}
  m_Volume: 9a59456b4e4efd84a80cf7ffb7a5e3ca
  m_Pitch: 2da2bc0529277644a8371f3e175c51f5
  m_Effects:
  - {fileID: 24400004}
  m_UserColorIndex: 0
  m_Mute: 0
  m_Solo: 0
  m_BypassEffects: 0
--- !u!244 &24400004
AudioMixerEffectController:
  m_ObjectHideFlags: 3
  m_CorrespondingSourceObject: {fileID: 0}
  m_PrefabInstance: {fileID: 0}
  m_PrefabAsset: {fileID: 0}
  m_Name: 
  m_EffectID: d4c7503f44044c4409a6c991e7c195ac
  m_EffectName: Attenuation
  m_MixLevel: 89a12ca190d34ee44961abe2cf57a0ec
  m_Parameters: []
  m_SendTarget: {fileID: 0}
  m_EnableWetMix: 0
  m_Bypass: 0
--- !u!245 &24500006
AudioMixerSnapshotController:
  m_ObjectHideFlags: 0
  m_CorrespondingSourceObject: {fileID: 0}
  m_PrefabInstance: {fileID: 0}
  m_PrefabAsset: {fileID: 0}
  m_Name: Snapshot
  m_AudioMixer: {fileID: 24100000}
  m_SnapshotID: 263763241a052a544b8a9c3b05841ac4
  m_FloatValues: {}
  m_TransitionOverrides: {}
--- !u!243 &243418851491290290
AudioMixerGroupController:
  m_ObjectHideFlags: 0
  m_CorrespondingSourceObject: {fileID: 0}
  m_PrefabInstance: {fileID: 0}
  m_PrefabAsset: {fileID: 0}
  m_Name: Music
  m_AudioMixer: {fileID: 24100000}
  m_GroupID: d659d937a0e76bb49b337a92ac0cc5b4
  m_Children: []
  m_Volume: 372da30d9f4e694488a016b80f2ad60a
  m_Pitch: cfcc39962420db34689886d9533655d3
  m_Effects:
  - {fileID: 244761023154277742}
  m_UserColorIndex: 0
  m_Mute: 0
  m_Solo: 0
  m_BypassEffects: 0
--- !u!243 &243720971124955524
AudioMixerGroupController:
  m_ObjectHideFlags: 0
  m_CorrespondingSourceObject: {fileID: 0}
  m_PrefabInstance: {fileID: 0}
  m_PrefabAsset: {fileID: 0}
  m_Name: SFX
  m_AudioMixer: {fileID: 24100000}
  m_GroupID: 0c84c34858936674f947a6dcb8aa44d4
  m_Children: []
  m_Volume: 77ed0642116df3b42a08794b321a0c86
  m_Pitch: fb88f8ac3560a6e43a2c7480a79f2f7b
  m_Effects:
  - {fileID: 244421958306976260}
  m_UserColorIndex: 0
  m_Mute: 0
  m_Solo: 0
  m_BypassEffects: 0
--- !u!244 &244421958306976260
AudioMixerEffectController:
  m_ObjectHideFlags: 3
  m_CorrespondingSourceObject: {fileID: 0}
  m_PrefabInstance: {fileID: 0}
  m_PrefabAsset: {fileID: 0}
  m_Name: 
  m_EffectID: 5a7ac7bac397bb54da86edceaf9e6fbe
  m_EffectName: Attenuation
  m_MixLevel: 68863944e3db50e4c869dae6248088a1
  m_Parameters: []
  m_SendTarget: {fileID: 0}
  m_EnableWetMix: 0
  m_Bypass: 0
--- !u!244 &244761023154277742
AudioMixerEffectController:
  m_ObjectHideFlags: 3
  m_CorrespondingSourceObject: {fileID: 0}
  m_PrefabInstance: {fileID: 0}
  m_PrefabAsset: {fileID: 0}
  m_Name: 
  m_EffectID: bc196f93afaca4a438b2e4dad1a1403a
  m_EffectName: Attenuation
  m_MixLevel: 063457e8a08aa714bb9c45bb21b7a155
  m_Parameters: []
  m_SendTarget: {fileID: 0}
  m_EnableWetMix: 0
  m_Bypass: 0
